<?xml version='1.0' encoding='utf-8'?>
<record xmlns="http://www.loc.gov/MARC21/slim" xmlns:xsi="http://www.w3.org/2001/XMLSchema-instance">
  <leader>^^^^^cam^a22002531u^4500</leader>
  <controlfield tag="001">003930659</controlfield>
  <controlfield tag="005">19990610000000.0</controlfield>
  <controlfield tag="008">951027s1911^^^^ilu^^^^^^^^^^^00000^eng^d</controlfield>
  <datafield tag="010" ind1=" " ind2=" ">
    <subfield code="a">12012003</subfield>
  </datafield>
  <datafield tag="035" ind1=" " ind2=" ">
    <subfield code="a">(CaOTULAS)176620386</subfield>
  </datafield>
  <datafield tag="035" ind1=" " ind2=" ">
    <subfield code="a">(SAZTEC)194607630</subfield>
  </datafield>
  <datafield tag="035" ind1=" " ind2=" ">
    <subfield code="9">(UL)AHE4941</subfield>
  </datafield>
  <datafield tag="035" ind1=" " ind2=" ">
    <subfield code="a">(OCoLC)427287572</subfield>
  </datafield>
  <datafield tag="040" ind1=" " ind2=" ">
    <subfield code="c">CarP</subfield>
    <subfield code="d">MiU-H</subfield>
  </datafield>
  <datafield tag="050" ind1="0" ind2=" ">
    <subfield code="a">LC1011</subfield>
    <subfield code="b">.M5</subfield>
  </datafield>
  <datafield tag="110" ind1="2" ind2=" ">
    <subfield code="a">Michigan schoolmasters' club.</subfield>
  </datafield>
  <datafield tag="245" ind1="1" ind2="4">
    <subfield code="a">The languages in American education.</subfield>
  </datafield>
  <datafield tag="260" ind1=" " ind2=" ">
    <subfield code="a">[Chicago?</subfield>
    <subfield code="c">1911?]</subfield>
  </datafield>
  <datafield tag="300" ind1=" " ind2=" ">
    <subfield code="a">64 p.</subfield>
    <subfield code="c">24 cm.</subfield>
  </datafield>
  <datafield tag="490" ind1="0" ind2=" ">
    <subfield code="a">Michigan University. Humanistic papers, 2nd series ;</subfield>
    <subfield code="v">no. 1</subfield>
  </datafield>
  <datafield tag="650" ind1=" " ind2="0">
    <subfield code="a">Language and languages</subfield>
    <subfield code="x">Study and teaching</subfield>
  </datafield>
  <datafield tag="711" ind1="2" ind2=" ">
    <subfield code="a">Classical Conference</subfield>
    <subfield code="d">(1911 :</subfield>
    <subfield code="c">Ann Arbor, Mich.)</subfield>
  </datafield>
  <datafield tag="852" ind1="8" ind2=" ">
    <subfield code="a">MiU-H</subfield>
    <subfield code="b">BENT</subfield>
    <subfield code="c">STOR</subfield>
    <subfield code="h">97111 Bimu N201 2</subfield>
  </datafield>
  <datafield tag="998" ind1=" " ind2=" ">
    <subfield code="c">MLJ</subfield>
    <subfield code="s">9662</subfield>
  </datafield>
  <datafield tag="955" ind1=" " ind2=" ">
    <subfield code="b">BENT</subfield>
    <subfield code="c">STOR</subfield>
    <subfield code="p">B1678362</subfield>
  </datafield>
</record>
